<record><leader>00000cas a22000007a 4500</leader><controlfield tag="001">18767630</controlfield><controlfield tag="008">881116c19819999nduwr ne      0    0eng d</controlfield><datafield ind1=" " ind2=" " tag="010"><subfield code="a">sn 88076708 </subfield></datafield><datafield ind1=" " ind2=" " tag="040"><subfield code="a">NOP</subfield><subfield code="b">eng</subfield><subfield code="c">NOP</subfield><subfield code="d">OCLCQ</subfield></datafield><datafield ind1=" " ind2=" " tag="042"><subfield code="a">msc</subfield></datafield><datafield ind1="0" ind2=" " tag="130"><subfield code="a">Adams standard (Adams, N.D.: 1981)</subfield></datafield><datafield ind1="1" ind2="0" tag="245"><subfield code="a">Adams standard.</subfield></datafield><datafield ind1=" " ind2=" " tag="260"><subfield code="a">Adams, N.D. :</subfield><subfield code="b">Ness Press</subfield></datafield><datafield ind1=" " ind2=" " tag="300"><subfield code="a">v. :</subfield><subfield code="b">ill. ;</subfield><subfield code="c">44 cm.</subfield></datafield><datafield ind1=" " ind2=" " tag="310"><subfield code="a">Weekly</subfield></datafield><datafield ind1="0" ind2=" " tag="362"><subfield code="a">Vol. 27, no. 1 (Nov. 5, 1981)-</subfield></datafield><datafield ind1=" " ind2=" " tag="500"><subfield code="a">Published in Fordville, N.D., Nov. 12, 1981-Dec. 6, 1984.</subfield></datafield><datafield ind1=" " ind2=" " tag="530"><subfield code="a">Available on microfilm from the State Historical Society of North Dakota.</subfield></datafield><datafield ind1=" " ind2=" " tag="588"><subfield code="a">Description based on: Vol. 27, no. 1 (Nov. 5, 1981).</subfield></datafield><datafield ind1=" " ind2=" " tag="752"><subfield code="a">United States</subfield><subfield code="b">North Dakota</subfield><subfield code="c">Walsh</subfield><subfield code="d">Adams.</subfield></datafield><datafield ind1=" " ind2=" " tag="752"><subfield code="a">United States</subfield><subfield code="b">North Dakota</subfield><subfield code="c">Walsh</subfield><subfield code="d">Fordville.</subfield></datafield><datafield ind1="0" ind2="1" tag="780"><subfield code="t">Journal-times (Forville, N.D.)</subfield><subfield code="w">(DLC)sn 88076564</subfield></datafield></record>